@incollection{someref,
  title={Reference Title},
  author={Pearson, Carl A B},
  booktitle={Book Title},
  pages={1--1000},
  year={1999},
  publisher={Springer}
}
